% Encoding: UTF-8


@Booklet{Panitz2017,
	title           = {{Der Weg zur intelligenten eAkte}},
	author          = {Panitz, Peter},
	year            = {2017},
	month			= {Februar},
	lastchecked = {24. Mai 2020},
	url             = {https://www.egovernment-computing.de/der-weg-zur-intelligenten-eakte-a-585177/},
	type = {Online},
}


@Booklet{Doring2019,
  title     = {{M{\"{u}}nchener Stadtverwaltung arbeitet mit neuer Datenaustauschplattfom}},
  author    = {D{\"{o}}ring, Stefan},
  year      = {2019},
  month 	= {September},
  groups    = {Internetseiten},
  url       = {https://muenchen.digital/blog/einfach-und-sicher-die-neue-datenaustauschplattform/},
  type = {Online},
  lastchecked = {24. Mai 2020},
}


@Booklet{Schubert2019,
  title        = {1. Testlauf ist heute erfolgreich},
  author       = {Schubert, Felix},
  howpublished = {E-Mail},
  note         = {Gesendet am: 06. Dezember 2019},
  year         = {2019},
  groups       = {Mail, Online},
}
