% Encoding: UTF-8

@Article{Vaughan2016,
	author          = {Vaughan, William W},
	journal         = {Journal of Aerospace Technology and Management},
	title           = {{Systems engineering}},
	year            = {2016},
	issn            = {21759146},
	month           = {Mai},
	number          = {2},
	pages           = {121},
	volume          = {8},
	doi             = {10.5028/jatm.v8i2.634},
	file            = {:C$\backslash$:/Users/FelixSchubert/AppData/Local/Mendeley Ltd./Mendeley Desktop/Downloaded/Vaughan - Unknown - Systems Engineering.pdf:pdf},
	groups          = {In Benutzung},
	mendeley-groups = {Bachelorarbeit},
	publisher       = {Institute of Aeronautics and Space},
}